@INPROCEEDINGS{simplified,  
    author={D. {Roth} and J. {Lugrin} and J. {Büser} and G. {Bente} and A. {Fuhrmann} and M. E. {Latoschik}},  
    booktitle={2016 IEEE Virtual Reality (VR)},   
    title={A simplified inverse kinematic approach for embodied VR applications}, 
    year={2016},  
    volume={},  
    number={},  
    pages={275-276},  
    doi={10.1109/VR.2016.7504760}
}
@INPROCEEDINGS{Analysis,  
    author={P. {Caserman} and P. {Achenbach} and S. {Göbel}},  
    booktitle={2019 IEEE 7th International Conference on Serious Games and Applications for Health (SeGAH)},   
    title={Analysis of Inverse Kinematics Solutions for Full-Body Reconstruction in Virtual Reality},   
    year={2019},  
    volume={},  
    number={},  
    pages={1-8},  
    doi={10.1109/SeGAH.2019.8882429}
}
@INPROCEEDINGS{Distributed,
    author={M. {Dixken} and D. {Diers} and B. {Wingert} and A. {Hatzipanayioti} and B. J. {Mohler} and O. {Riedel} and M. {Bues}},  
    booktitle={2019 IEEE Conference on Virtual Reality and 3D User Interfaces (VR)},
    title={Distributed, Collaborative Virtual Reality Application for Product Development with Simple Avatar Calibration Method},   
    year={2019},  
    volume={},  
    number={},  
    pages={1299-1300},  
    doi={10.1109/VR.2019.8797884}
}
@INPROCEEDINGS{Pose,  
    author={C. {Li} and S. {Xia} and Z. {Wang}},  
    booktitle={2007 IEEE Virtual Reality Conference},  
    title={Pose Synthesis Using the Inverse of Jacobian Matrix Learned from Examples},   
    year={2007},  
    volume={},  
    number={},  
    pages={99-106},  
    doi={10.1109/VR.2007.352469}
}
@ARTICLE{On,  
    author={H. {GalvanDebarba} and S. {Chague} and C. {Charbonnier}},  
    journal={IEEE Transactions on Visualization and Computer Graphics},  
    title={On the Plausibility of Virtual Body Animation Features in Virtual Reality},   
    year={2020},
    volume={},  
    number={},  
    pages={1-1},
    doi={10.1109/TVCG.2020.3025175}
}
@INPROCEEDINGS{Bodiless,  
    author={D. {Murphy}},  
    booktitle={2017 IEEE Virtual Reality (VR)},   
    title={Bodiless embodiment: A descriptive survey of avatar bodily coherence in first-wave consumer VR applications},  
    year={2017},
    volume={},  
    number={},  
    pages={265-266},  
    doi={10.1109/VR.2017.7892278}
}
@INPROCEEDINGS{VR-Replay,  
    author={C. Y. {Wang} and L. {Drumm} and C. {Troup} and Y. {Ding} and A. {Stevenson Won}},
    booktitle={2019 IEEE Conference on Virtual Reality and 3D User Interfaces (VR)},   
    title={VR-Replay: Capturing and Replaying Avatars in VR for Asynchronous 3D Collaborative Design},   
    year={2019}, 
    volume={},  
    number={},  
    pages={1215-1216},  
    doi={10.1109/VR.2019.8797789}
}
@INPROCEEDINGS{Avatar,  
    author={J. {Lugrin} and J. {Latt} and M. E. {Latoschik}},  
    booktitle={2015 IEEE Virtual Reality (VR)},   
    title={Avatar anthropomorphism and illusion of body ownership in VR},  
    year={2015},  
    volume={},  
    number={},  
    pages={229-230},  
    doi={10.1109/VR.2015.7223379}
}
@INPROCEEDINGS{Influence,  
    author={J. {Lugrin} and M. {Wiedemann} and D. {Bieberstein} and M. E. {Latoschik}},  
    booktitle={2015 IEEE Virtual Reality (VR)},   
    title={Influence of avatar realism on stressful situation in VR},   
    year={2015},  
    volume={},  
    number={},          
    pages={227-228},
    doi={10.1109/VR.2015.7223378}
}

@article{First,
    author = {Slater, Mel AND Spanlang, Bernhard AND Sanchez-Vives, Maria V. AND Blanke, Olaf},
    journal = {PLOS ONE},
    publisher = {Public Library of Science},
    title = {First Person Experience of Body Transfer in Virtual Reality},
    year = {2010},
    month = {may},
    volume = {5},
    url = {https://doi.org/10.1371/journal.pone.0010564},
    pages = {1-9},
    number = {5},
    doi = {10.1371/journal.pone.0010564}
}
@inproceedings{Application,
    author = {F\^{e}dor, Martin},
    title = {Application of Inverse Kinematics for Skeleton Manipulation in Real-Time},
    year = {2003},
    isbn = {158113861X},
    publisher = {Association for Computing Machinery},
    address = {New York, NY, USA},
    url = {https://doi.org/10.1145/984952.984986},
    doi = {10.1145/984952.984986},
    booktitle = {Proceedings of the 19th Spring Conference on Computer Graphics},
    pages = {203–212},
    numpages = {10},
    keywords = {Newton-Raphson method, joint, CCD method, bone, kinematic tree, Jacobian matrix, inverse kinematics, skeleton},
    location = {Budmerice, Slovakia},
    series = {SCCG '03}
}
@inproceedings{Real-Time,
    author = {Jiang, Fan and Yang, Xubo and Feng, Lele},
    title = {Real-Time Full-Body Motion Reconstruction and Recognition for off-the-Shelf VR Devices},
    year = {2016},
    isbn = {9781450346924},
    publisher = {Association for Computing Machinery},
    address = {New York, NY, USA},
    url = {https://doi.org/10.1145/3013971.3013987},
    doi = {10.1145/3013971.3013987},
    booktitle = {Proceedings of the 15th ACM SIGGRAPH Conference on Virtual-Reality Continuum and Its Applications in Industry - Volume 1},
    pages = {309–318},
    numpages = {10},
    keywords = {full-body motion reconstruction, real-time, VR, motion recongnition},
    location = {Zhuhai, China},
    series = {VRCAI '16}
}

@inproceedings{HumanUpperBody,
    author = {Parger, Mathias and Mueller, Joerg H. and Schmalstieg, Dieter and Steinberger, Markus},
    title = {Human Upper-Body Inverse Kinematics for Increased Embodiment in Consumer-Grade Virtual Reality},
    year = {2018},
    isbn = {9781450360869},
    publisher = {Association for Computing Machinery},
    address = {New York, NY, USA},
    url = {https://doi.org/10.1145/3281505.3281529},
    doi = {10.1145/3281505.3281529},
    booktitle = {Proceedings of the 24th ACM Symposium on Virtual Reality Software and Technology},
    articleno = {23},
    numpages = {10},
    keywords = {virtual reality, presence, inverse kinematics, embodiment, motion capture, animation},
    location = {Tokyo, Japan},
    series = {VRST '18}
}

@article{FastIK,
    title = "A Fast Inverse Kinematics Algorithm for Joint Animation",
    journal = "Procedia Engineering",
    volume = "24",
    pages = "350 - 354",
    year = "2011",
    note = "International Conference on Advances in Engineering 2011",
    issn = "1877-7058",
    doi = "https://doi.org/10.1016/j.proeng.2011.11.2655",
    url = "http://www.sciencedirect.com/science/article/pii/S187770581105507X",
    author = "Wei Song and Guang Hu",
    keywords = "joint animation, cyclic coordinate descent, CCD, inverse kinematics"
}

@article{IkTechniques,
    author = {Aristidou, A. and Lasenby, J. and Chrysanthou, Y. and Shamir, A.},
    title = {Inverse Kinematics Techniques in Computer Graphics: A Survey},
    journal = {Computer Graphics Forum},
    volume = {37},
    number = {6},
    pages = {35-58},
    keywords = {inverse kinematics, motion capture, biomechanical constraints, General and reference—Surveys and overviews; Computing methodologies—Animation},
    doi = {https://doi.org/10.1111/cgf.13310},
    url = {https://onlinelibrary.wiley.com/doi/abs/10.1111/cgf.13310},
    eprint = {https://onlinelibrary.wiley.com/doi/pdf/10.1111/cgf.13310},
    year = {2018}
}

@article{ReviewNewFast,
    author = {Aristidou, Andreas and Lasenby, Joan},
    year = {2009},
    month = {sep},
    title = {Inverse Kinematics: a review of existing techniques and introduction of a new fast iterative solver}
}

@article{IkMocap,
    author = {Svantesson, Joanna and Bornold, Jonas},
    year= {2015},
    month = {jun},
    title = {A Real­Time Adaptation of Inverse Kinematics for Motion Capture},
    url = {http://publications.lib.chalmers.se/records/fulltext/219734/219734.pdf}
}

@article{CCD,
  title={Inverse Kinematics - Cyclic Coordinate Descent (CCD)},
  author={Ben Kenwright},
  journal={J. Graph. Tools},
  year={2012},
  volume={16},
  pages={177-217}
}

@article{FabrikHuman,
 author 	= {Aristidou, Andreas and Chrysanthou, Yiorgos and Lasenby, Joan},
 title		= {Extending {FABRIK} with Model Constraints},
 journal 	= {Comput. Animat. Virtual Worlds},
 issue_date = {January 2016},
 volume 	= {27},
 number 	= {1},
 month 		= jan,
 year 		= {2016},
 issn 		= {1546-4261},
 pages 		= {35--57},
 numpages 	= {23},
 url 		= {https://doi.org/10.1002/cav.1630},
 doi 		= {10.1002/cav.1630},
 acmid 		= {3074916},
 publisher 	= {John Wiley and Sons Ltd.},
 address 	= {Chichester, UK},
}

@article{FabrikOG,
	author    	= {Aristidou, Andreas and Lasenby, Joan},
	title     	= {{FABRIK}: {A} fast, iterative solver for the Inverse Kinematics problem},
	journal 	= {Graph. Models},
	issue_date 	= {September, 2011},
	volume 		= {73},
	number 		= {5},
	month 		= sep,
	year 		= {2011},
	issn 		= {1524-0703},
	pages 		= {243--260},
	numpages 	= {18},
	url 		= {http://dx.doi.org/10.1016/j.gmod.2011.05.003},
	doi 		= {10.1016/j.gmod.2011.05.003},
	acmid 		= {2027560},
	publisher	= {Academic Press Professional, Inc.},
	address 	= {San Diego, CA, USA},
}

@article{openlab,
    title = {Design Tools: Proportionality Constants Guidelines},
    note = {http://openlab.psu.edu/design-tools-proportionality-constants/}
}

@misc{ourcode,
    Author = {Gullickson, Alexander and Shervheim, Daniel},
    title = {Accompanying Materials},
    month = {dec},
    year = {2020},
    note = {https://z.umn.edu/6an3}
}

@misc{zalo,
    Author = {Selstad, Johnathon (zalo)},
    title = {Inverse Kinematics},
    month = {feb},
    year = {2019},
    note = {https://zalo.github.io/blog/inverse-kinematics/#ccdik}
}
